@PhdThesis{Popescu_2004,
    author = "Alin C. Popescu",
    title = "Statistical Tools for
    Digital Image Forensics",
    school = "DARTMOUTH COLLEGE",
   year = "2004"
}

@InBook{Rocha_Goldenstein_2010,
    author = "Anderson Rocha, Siome Goldenstein",
    title = "Atualiza\c{c}\~{o}es em Inform\'{a}tica (JAI)",
    chapter = "CSI: An\'{a}lise Forense de Documentos Digitais",
    publisher = "Sociedade Brasileira de Computa\c{c}\~{a}o (SBC)",
    year = "2010",
    pages = "263-317"
}

@INPROCEEDINGS{Fridrich_03,
    author = "A Jessica Fridrich and B David Soukal and A Jan Luk\'{a}\u{s}",
    title = "Detection of copy-move forgery in digital images",
    booktitle = "in Proceedings of Digital Forensic Research Workshop",
    year = "2003"
}

@Article{Rocha_et_al_2011,
author = "A. Rocha, W. Scheirer, T. Boult and S. Goldenstein",
title = "Vision of the Unseen: Current Trends and Challenges in Digital Image and Video Forensics",
journal = "ACM Computing surveys",
year = "2011",
note = "to appear"
}

@article{Lint_et_al_2005,
author = "Zhouchen Lint and Rongrong Wang and Xiaoou Tang and Heung-Yeung Shum",
title = "Detecting Doctored Images Using Camera Response Normality and Consistency",
journal = "Computer Vision and Pattern Recognition, IEEE Computer Society Conference on",
volume = "1",
issn = "1063-6919",
year = "2005",
pages = "1087-1092",
doi = "http://doi.ieeecomputersociety.org/10.1109/CVPR.2005.125",
publisher = "IEEE Computer Society",
address = "Los Alamitos, CA, USA"
}

@inproceedings{Ng_2005,
 author = {Ng, Tian-Tsong and Chang, Shih-Fu and Hsu, Jessie and Xie, Lexing and Tsui, Mao-Pei},
 title = {Physics-motivated features for distinguishing photographic images and computer graphics},
 booktitle = {Proceedings of the 13th annual ACM international conference on Multimedia},
 series = {MULTIMEDIA '05},
 year = {2005},
 isbn = {1-59593-044-2},
 location = {Hilton, Singapore},
 pages = {239--248},
 numpages = {10},
 url = {http://doi.acm.org/10.1145/1101149.1101192},
 doi = {http://doi.acm.org/10.1145/1101149.1101192},
 acmid = {1101192},
 publisher = {ACM},
 address = {New York, NY, USA},
 keywords = {computer graphics, differential geometry, fractal, image authentication, image forensics, natural image statistics, steganalysis}
} 

@article{Swaminathan_2008,
  title={Digital image forensics via intrinsic fingerprints},
  author={Swaminathan, A. and Wu, M. and Liu, K.J.R.},
  journal={Information Forensics and Security, IEEE Transactions on},
  volume={3},
  number={1},
  pages={101--117},
  year={2008},
  publisher={IEEE}
}